
<marc:record>
<marc:leader>01000ntm#a22002601a#4500</marc:leader>
<marc:controlfield tag="001">00031253</marc:controlfield>
<marc:controlfield tag="003">AR-BaUAD</marc:controlfield>
<marc:controlfield tag="005">20241205155039</marc:controlfield>
<marc:controlfield tag="008">071810s||||#######||||##m####000|0#spa#d</marc:controlfield>
 <marc:datafield tag="037"  ind1=" " ind2=" " >
  <marc:subfield code="a">00031253</marc:subfield>
 </marc:datafield>
 <marc:datafield tag="040"  ind1=" " ind2=" " >
  <marc:subfield code="a">AR-BaUAD</marc:subfield>
  <marc:subfield code="b">spa</marc:subfield>
  <marc:subfield code="c">AR-BaUAD</marc:subfield>
 </marc:datafield>
 <marc:datafield tag="041"  ind1=" " ind2=" " >
  <marc:subfield code="a">spa</marc:subfield>
 </marc:datafield>
 <marc:datafield tag="044"  ind1=" " ind2=" " >
  <marc:subfield code="a">ag</marc:subfield>
 </marc:datafield>
 <marc:datafield tag="046"  ind1=" " ind2=" " >
 </marc:datafield>
 <marc:datafield tag="100"  ind1="1" ind2="#" >
  <marc:subfield code="a">Fernández Roberto</marc:subfield>
 </marc:datafield>
 <marc:datafield tag="245"  ind1="1" ind2="0" >
  <marc:subfield code="a">Crítica ambiental del proyecto</marc:subfield>
  <marc:subfield code="b">arquitectura y ciudad : de lo natural a lo sustentable; del proyecto al ecoproyecto</marc:subfield>
  <marc:subfield code="c">Roberto Fernández ; director de la tesis Antonio Fernández Alba ; co-director de la tesis Horacio Bozzano.</marc:subfield>
  <marc:subfield code="h"></marc:subfield>
 </marc:datafield>
 <marc:datafield tag="246"  ind1="3" ind2="1" >
  <marc:subfield code="a"></marc:subfield>
 </marc:datafield>
 <marc:datafield tag="264"  ind1="#" ind2="0" >
  <marc:subfield code="c">2004.</marc:subfield>
  <marc:subfield code="b"></marc:subfield>
  <marc:subfield code="a">Buenos Aires</marc:subfield>
 </marc:datafield>
 <marc:datafield tag="300"  ind1=" " ind2=" " >
  <marc:subfield code="a">367 p.</marc:subfield>
  <marc:subfield code="b">il., fot., gráficos.</marc:subfield>
 </marc:datafield>
 <marc:datafield tag="338"  ind1=" " ind2=" " >
  <marc:subfield code="a"></marc:subfield>
 </marc:datafield>
 <marc:datafield tag="500"  ind1=" " ind2=" " >
  <marc:subfield code="a">Notas al final de cada capítulo.</marc:subfield>
 </marc:datafield>
 <marc:datafield tag="500"  ind1=" " ind2=" " >
  <marc:subfield code="a">Bibliografía citada: p. 352-366.</marc:subfield>
 </marc:datafield>
 <marc:datafield tag="500"  ind1=" " ind2=" " >
  <marc:subfield code="a">Indice: p. 367.</marc:subfield>
 </marc:datafield>
 <marc:datafield tag="502"  ind1="#" ind2="#" >
  <marc:subfield code="a">Tesis (Doctorado)</marc:subfield>
  <marc:subfield code="b"></marc:subfield>
  <marc:subfield code="c">Universidad de Buenos Aires. Facultad de Arquitectura, Diseño y Urbanismo UBA. FADU</marc:subfield>
  <marc:subfield code="d">2004</marc:subfield>
  <marc:subfield code="g">Carrera de Arquitectura</marc:subfield>
 </marc:datafield>
 <marc:datafield tag="653"  ind1=" " ind2="4 " >
  <marc:subfield code="a">TESIS</marc:subfield>
 </marc:datafield>
 <marc:datafield tag="653"  ind1=" " ind2="4 " >
  <marc:subfield code="a">INVESTIGACION</marc:subfield>
 </marc:datafield>
 <marc:datafield tag="653"  ind1=" " ind2="4 " >
  <marc:subfield code="a">SUSTENTABILIDAD</marc:subfield>
 </marc:datafield>
 <marc:datafield tag="653"  ind1=" " ind2="4 " >
  <marc:subfield code="a">DESARROLLO SUSTENTABLE</marc:subfield>
 </marc:datafield>
 <marc:datafield tag="653"  ind1=" " ind2="4 " >
  <marc:subfield code="a">DISEÑO SUSTENTABLE</marc:subfield>
 </marc:datafield>
 <marc:datafield tag="653"  ind1=" " ind2="4 " >
  <marc:subfield code="a">PROYECTO</marc:subfield>
 </marc:datafield>
 <marc:datafield tag="653"  ind1=" " ind2="4 " >
  <marc:subfield code="a">ARQUITECTURA</marc:subfield>
 </marc:datafield>
 <marc:datafield tag="653"  ind1=" " ind2="4 " >
  <marc:subfield code="a">CIUDAD</marc:subfield>
 </marc:datafield>
 <marc:datafield tag="653"  ind1=" " ind2="4 " >
  <marc:subfield code="a">MEDIO AMBIENTE</marc:subfield>
 </marc:datafield>
 <marc:datafield tag="653"  ind1=" " ind2="4 " >
  <marc:subfield code="a">ECOLOGIA</marc:subfield>
 </marc:datafield>
 <marc:datafield tag="653"  ind1=" " ind2="4 " >
  <marc:subfield code="a">HABITAT</marc:subfield>
 </marc:datafield>
 <marc:datafield tag="653"  ind1=" " ind2="4 " >
  <marc:subfield code="a">FADU</marc:subfield>
 </marc:datafield>
 <marc:datafield tag="653"  ind1=" " ind2="4 " >
  <marc:subfield code="a">FACULTAD DE ARQUITECTURA, DISEÑO Y URBANISMO</marc:subfield>
 </marc:datafield>
 <marc:datafield tag="653"  ind1=" " ind2="4 " >
  <marc:subfield code="a">UBA</marc:subfield>
 </marc:datafield>
 <marc:datafield tag="653"  ind1=" " ind2="4 " >
  <marc:subfield code="a">UNIVERSIDAD DE BUENOS AIRES</marc:subfield>
 </marc:datafield>
 <marc:datafield tag="653"  ind1=" " ind2="4 " >
  <marc:subfield code="a">SIGLO XXI</marc:subfield>
 </marc:datafield>
 <marc:datafield tag="653"  ind1=" " ind2="4 " >
  <marc:subfield code="a">DECADA DE 2000</marc:subfield>
 </marc:datafield>
 <marc:datafield tag="653"  ind1=" " ind2="4 " >
  <marc:subfield code="a">ARGENTINA</marc:subfield>
 </marc:datafield>
 <marc:datafield tag="653"  ind1=" " ind2="4 " >
  <marc:subfield code="a">BUENOS AIRES, CIUDAD</marc:subfield>
 </marc:datafield>
 <marc:datafield tag="700"  ind1="1" ind2="#" >
  <marc:subfield code="a">Fernández, Roberto(1946-)</marc:subfield>
 </marc:datafield>
 <marc:datafield tag="700"  ind1="1" ind2="#" >
  <marc:subfield code="c">dir.</marc:subfield>
  <marc:subfield code="a">Fernández Alba, Antonio</marc:subfield>
 </marc:datafield>
 <marc:datafield tag="700"  ind1="1" ind2="#" >
  <marc:subfield code="c">codir.</marc:subfield>
  <marc:subfield code="a">Bozzano, Horacio</marc:subfield>
 </marc:datafield>
 <marc:datafield tag="852"  ind1="#" ind2="#" >
  <marc:subfield code="c">I y D 34-4</marc:subfield>
  <marc:subfield code="i">1</marc:subfield>
 </marc:datafield>
 <marc:datafield tag="942"  ind1=" " ind2="" >
  <marc:subfield code="c">TES</marc:subfield>
 </marc:datafield>
 <marc:datafield tag="952"  ind1=" " ind2=" " >
  <marc:subfield code="a">AR-BAuAD</marc:subfield>
  <marc:subfield code="b">AR-BAuAD</marc:subfield>
  <marc:subfield code="d">2007-03-08</marc:subfield>
  <marc:subfield code="g">$35</marc:subfield>
  <marc:subfield code="t">Ej.1, vol.1</marc:subfield>
  <marc:subfield code="i">31253</marc:subfield>
  <marc:subfield code="e">Donac. Doctorado FADU-UBA</marc:subfield>
  <marc:subfield code="y">TES</marc:subfield>
  <marc:subfield code="p">TES00031253</marc:subfield>
 </marc:datafield>
 <marc:datafield tag="990"  ind1=" " ind2=" " >
  <marc:subfield code="a">AQ200</marc:subfield>
  <marc:subfield code="b">TD</marc:subfield>
 </marc:datafield>
 <marc:datafield tag="990"  ind1=" " ind2=" " >
  <marc:subfield code="a">Ej.1, vol.1 : 31253 2007/03/08 , -- Donac. Doctorado FADU-UBA -- (35 pesos )</marc:subfield>
 </marc:datafield>
 <marc:datafield tag="998"  ind1=" " ind2="" >
  <marc:subfield code="a">AAQ</marc:subfield>
  <marc:subfield code="b">BIBUN76</marc:subfield>
 </marc:datafield>
</marc:record>