
<marc:record>
<marc:leader>01000ntm#a22002601a#4500</marc:leader>
<marc:controlfield tag="001">00033536</marc:controlfield>
<marc:controlfield tag="003">AR-BaUAD</marc:controlfield>
<marc:controlfield tag="005">20241205155039</marc:controlfield>
<marc:controlfield tag="008">151001s||||#######||||##m####000|0#spa#d</marc:controlfield>
 <marc:datafield tag="037"  ind1=" " ind2=" " >
  <marc:subfield code="a">00034643</marc:subfield>
 </marc:datafield>
 <marc:datafield tag="040"  ind1=" " ind2=" " >
  <marc:subfield code="a">AR-BaUAD</marc:subfield>
  <marc:subfield code="b">spa</marc:subfield>
  <marc:subfield code="c">AR-BaUAD</marc:subfield>
 </marc:datafield>
 <marc:datafield tag="041"  ind1=" " ind2=" " >
  <marc:subfield code="a">spa</marc:subfield>
 </marc:datafield>
 <marc:datafield tag="044"  ind1=" " ind2=" " >
  <marc:subfield code="a">ag</marc:subfield>
 </marc:datafield>
 <marc:datafield tag="046"  ind1=" " ind2=" " >
 </marc:datafield>
 <marc:datafield tag="080"  ind1=" " ind2=" " >
  <marc:subfield code="a">711.8</marc:subfield>
 </marc:datafield>
 <marc:datafield tag="100"  ind1="1" ind2="#" >
  <marc:subfield code="a">Orduna Martín Blas</marc:subfield>
 </marc:datafield>
 <marc:datafield tag="245"  ind1="1" ind2="0" >
  <marc:subfield code="a">Infraestructuras de transporte en metrópolis ribereñas</marc:subfield>
  <marc:subfield code="b"></marc:subfield>
  <marc:subfield code="c">Martín Blas Orduna ; director: Álvaro Daniel Arrese</marc:subfield>
  <marc:subfield code="h"></marc:subfield>
 </marc:datafield>
 <marc:datafield tag="246"  ind1="3" ind2="1" >
  <marc:subfield code="a"></marc:subfield>
 </marc:datafield>
 <marc:datafield tag="264"  ind1="#" ind2="0" >
  <marc:subfield code="c">2011</marc:subfield>
  <marc:subfield code="b"></marc:subfield>
  <marc:subfield code="a">Buenos Aires</marc:subfield>
 </marc:datafield>
 <marc:datafield tag="300"  ind1=" " ind2=" " >
  <marc:subfield code="a">3 v.</marc:subfield>
  <marc:subfield code="b">il., fot., byn., col., gráf., mapas, tablas + 1 CD-ROM</marc:subfield>
 </marc:datafield>
 <marc:datafield tag="338"  ind1=" " ind2=" " >
  <marc:subfield code="a"></marc:subfield>
 </marc:datafield>
 <marc:datafield tag="500"  ind1=" " ind2=" " >
  <marc:subfield code="a">La Biblioteca posee copia de la autorización del autor.</marc:subfield>
 </marc:datafield>
 <marc:datafield tag="500"  ind1=" " ind2=" " >
  <marc:subfield code="a">Contenido: v. 1. Parte I. Desarrollo de una tipología de áreas metropolitanas. 1. Estructura e infraestructura -- 2. Crisis de la movilidad -- 3. Tipología de metrópolis -- v.2. Parte II. El caso de Buenos Aires. 4. Desarrollo de la estructura urbana -- 5. Planes y proyectos -- 6. Infraestructura de transporte -- Parte III. Propuestas para las infraestructuras del transporte en metrópolis ribereñas. 7. La cuestión institucional -- 8. Planificación orgánica -- 9. Red de expreso regional -- 10. Conclusiones -- v. 3. Anexos.</marc:subfield>
 </marc:datafield>
 <marc:datafield tag="500"  ind1=" " ind2=" " >
  <marc:subfield code="a">Agradecimientos: h. i (v. 1).</marc:subfield>
 </marc:datafield>
 <marc:datafield tag="500"  ind1=" " ind2=" " >
  <marc:subfield code="a">Índice general: h. ii-iii (v. 1).</marc:subfield>
 </marc:datafield>
 <marc:datafield tag="500"  ind1=" " ind2=" " >
  <marc:subfield code="a">Índice de figuras: h. iv-v (v. 1).</marc:subfield>
 </marc:datafield>
 <marc:datafield tag="500"  ind1=" " ind2=" " >
  <marc:subfield code="a">Índice de imágenes: h. vi-viii (v. 1).</marc:subfield>
 </marc:datafield>
 <marc:datafield tag="500"  ind1=" " ind2=" " >
  <marc:subfield code="a">Índice de cuadros: h. viii (v. 1).</marc:subfield>
 </marc:datafield>
 <marc:datafield tag="500"  ind1=" " ind2=" " >
  <marc:subfield code="a">Índice de gráficos: h. viii-ix (v. 1).</marc:subfield>
 </marc:datafield>
 <marc:datafield tag="500"  ind1=" " ind2=" " >
  <marc:subfield code="a">Abreviaturas, siglas y acrónimos: h. x-xiv (v. 1).</marc:subfield>
 </marc:datafield>
 <marc:datafield tag="500"  ind1=" " ind2=" " >
  <marc:subfield code="a">Introducción: h. xv-xxi (v. 1).</marc:subfield>
 </marc:datafield>
 <marc:datafield tag="500"  ind1=" " ind2=" " >
  <marc:subfield code="a">Índice: al comienzo de la obra (v. 2).</marc:subfield>
 </marc:datafield>
 <marc:datafield tag="500"  ind1=" " ind2=" " >
  <marc:subfield code="a">Índice: al comienzo de la obra (v. 3).</marc:subfield>
 </marc:datafield>
 <marc:datafield tag="500"  ind1=" " ind2=" " >
  <marc:subfield code="a">Introducción al atlas y al anexo: h. 320 (v. 3).</marc:subfield>
 </marc:datafield>
 <marc:datafield tag="500"  ind1=" " ind2=" " >
  <marc:subfield code="a">Atlas. Planos de metrópolis: h. 321-348 (v. 3).</marc:subfield>
 </marc:datafield>
 <marc:datafield tag="500"  ind1=" " ind2=" " >
  <marc:subfield code="a">Plano. Red de expreso regional de Buenos Aires: h. 349-351 (v. 3).</marc:subfield>
 </marc:datafield>
 <marc:datafield tag="500"  ind1=" " ind2=" " >
  <marc:subfield code="a">Anexo legal: h. 352-457 (v. 3).</marc:subfield>
 </marc:datafield>
 <marc:datafield tag="500"  ind1=" " ind2=" " >
  <marc:subfield code="a">Bibliografía: h. 458-470 (v. 3).</marc:subfield>
 </marc:datafield>
 <marc:datafield tag="500"  ind1=" " ind2=" " >
  <marc:subfield code="a">Notas y citas bibliográficas: a pie de página.</marc:subfield>
 </marc:datafield>
 <marc:datafield tag="502"  ind1="#" ind2="#" >
  <marc:subfield code="a">Tesis (Doctorado)</marc:subfield>
  <marc:subfield code="b">Doctor de la Universidad de Buenos Aires</marc:subfield>
  <marc:subfield code="c">Universidad de Buenos Aires. Facultad de Arquitectura, Diseño y Urbanismo UBA. FADU</marc:subfield>
  <marc:subfield code="d">[2012]</marc:subfield>
  <marc:subfield code="g">Urbanismo</marc:subfield>
 </marc:datafield>
 <marc:datafield tag="653"  ind1=" " ind2="4 " >
  <marc:subfield code="a">TESIS</marc:subfield>
 </marc:datafield>
 <marc:datafield tag="653"  ind1=" " ind2="4 " >
  <marc:subfield code="a">INVESTIGACION</marc:subfield>
 </marc:datafield>
 <marc:datafield tag="653"  ind1=" " ind2="4 " >
  <marc:subfield code="a">INFRAESTRUCTURA URBANA</marc:subfield>
 </marc:datafield>
 <marc:datafield tag="653"  ind1=" " ind2="4 " >
  <marc:subfield code="a">INFRAESTRUCTURA DE TRANSPORTE</marc:subfield>
 </marc:datafield>
 <marc:datafield tag="653"  ind1=" " ind2="4 " >
  <marc:subfield code="a">GESTION URBANA</marc:subfield>
 </marc:datafield>
 <marc:datafield tag="653"  ind1=" " ind2="4 " >
  <marc:subfield code="a">DESARROLLO SUSTENTABLE</marc:subfield>
 </marc:datafield>
 <marc:datafield tag="653"  ind1=" " ind2="4 " >
  <marc:subfield code="a">IMPACTO AMBIENTAL</marc:subfield>
 </marc:datafield>
 <marc:datafield tag="653"  ind1=" " ind2="4 " >
  <marc:subfield code="a">CIUDADES</marc:subfield>
 </marc:datafield>
 <marc:datafield tag="653"  ind1=" " ind2="4 " >
  <marc:subfield code="a">METROPOLIS</marc:subfield>
 </marc:datafield>
 <marc:datafield tag="653"  ind1=" " ind2="4 " >
  <marc:subfield code="a">HISTORIA</marc:subfield>
 </marc:datafield>
 <marc:datafield tag="653"  ind1=" " ind2="4 " >
  <marc:subfield code="a">DESARROLLO</marc:subfield>
 </marc:datafield>
 <marc:datafield tag="653"  ind1=" " ind2="4 " >
  <marc:subfield code="a">DEMOGRAFIA</marc:subfield>
 </marc:datafield>
 <marc:datafield tag="653"  ind1=" " ind2="4 " >
  <marc:subfield code="a">POBLACION</marc:subfield>
 </marc:datafield>
 <marc:datafield tag="653"  ind1=" " ind2="4 " >
  <marc:subfield code="a">TIPOLOGIAS</marc:subfield>
 </marc:datafield>
 <marc:datafield tag="653"  ind1=" " ind2="4 " >
  <marc:subfield code="a">FADU</marc:subfield>
 </marc:datafield>
 <marc:datafield tag="653"  ind1=" " ind2="4 " >
  <marc:subfield code="a">FACULTAD DE ARQUITECTURA, DISEÑO Y URBANISMO</marc:subfield>
 </marc:datafield>
 <marc:datafield tag="653"  ind1=" " ind2="4 " >
  <marc:subfield code="a">UBA</marc:subfield>
 </marc:datafield>
 <marc:datafield tag="653"  ind1=" " ind2="4 " >
  <marc:subfield code="a">UNIVERSIDAD DE BUENOS AIRES</marc:subfield>
 </marc:datafield>
 <marc:datafield tag="653"  ind1=" " ind2="4 " >
  <marc:subfield code="a">SIGLO  XIX</marc:subfield>
 </marc:datafield>
 <marc:datafield tag="653"  ind1=" " ind2="4 " >
  <marc:subfield code="a">SIGLO XX</marc:subfield>
 </marc:datafield>
 <marc:datafield tag="653"  ind1=" " ind2="4 " >
  <marc:subfield code="a">BUENOS AIRES, CIUDAD</marc:subfield>
 </marc:datafield>
 <marc:datafield tag="653"  ind1=" " ind2="4 " >
  <marc:subfield code="a">ARGENTINA</marc:subfield>
 </marc:datafield>
 <marc:datafield tag="700"  ind1="1" ind2="#" >
  <marc:subfield code="a">Orduna, Martín Blas</marc:subfield>
 </marc:datafield>
 <marc:datafield tag="700"  ind1="1" ind2="#" >
  <marc:subfield code="c">dir.</marc:subfield>
  <marc:subfield code="a">Arrese, Álvaro Daniel</marc:subfield>
 </marc:datafield>
 <marc:datafield tag="852"  ind1="#" ind2="#" >
  <marc:subfield code="c">IyD 34-4</marc:subfield>
  <marc:subfield code="i">1 y 2</marc:subfield>
 </marc:datafield>
 <marc:datafield tag="900"  ind1=" " ind2=" " >
  <marc:subfield code="a">Operador: NDL</marc:subfield>
 </marc:datafield>
 <marc:datafield tag="942"  ind1=" " ind2="" >
  <marc:subfield code="c">TES</marc:subfield>
 </marc:datafield>
 <marc:datafield tag="952"  ind1=" " ind2=" " >
  <marc:subfield code="a">AR-BAuAD</marc:subfield>
  <marc:subfield code="b">AR-BAuAD</marc:subfield>
  <marc:subfield code="d">2023-08-31</marc:subfield>
  <marc:subfield code="g">$1000</marc:subfield>
  <marc:subfield code="t">Ej. Nº 2, v.3</marc:subfield>
  <marc:subfield code="i">37020</marc:subfield>
  <marc:subfield code="e">Donación Secretaría de Investigaciones. FADU-UBA</marc:subfield>
  <marc:subfield code="y">TES</marc:subfield>
  <marc:subfield code="p">TES00037020</marc:subfield>
 </marc:datafield>
 <marc:datafield tag="990"  ind1=" " ind2=" " >
  <marc:subfield code="a">U201</marc:subfield>
  <marc:subfield code="b">TD</marc:subfield>
 </marc:datafield>
 <marc:datafield tag="990"  ind1=" " ind2=" " >
  <marc:subfield code="a">Ej. Nº 1, v.1 : 34643 2015/10/01 , -- Depósito. Resolución CS 7931/13 -- (100 pesos )</marc:subfield>
 </marc:datafield>
 <marc:datafield tag="990"  ind1=" " ind2=" " >
  <marc:subfield code="a">Ej. Nº 1, v.2 : 34644 2015/10/01 , -- Depósito. Resolución CS 7931/13 -- (100 pesos )</marc:subfield>
 </marc:datafield>
 <marc:datafield tag="990"  ind1=" " ind2=" " >
  <marc:subfield code="a">Ej. Nº 1, v.3 : 34645 2015/10/01 , -- Depósito. Resolución CS 7931/13 -- (100 pesos )</marc:subfield>
 </marc:datafield>
 <marc:datafield tag="990"  ind1=" " ind2=" " >
  <marc:subfield code="a">Ej. Nº 2, v.1 : 37018 2023-08-31 , -- Donación Secretaría de Investigaciones. FADU-UBA -- (1000 pesos )</marc:subfield>
 </marc:datafield>
 <marc:datafield tag="990"  ind1=" " ind2=" " >
  <marc:subfield code="a">Ej. Nº 2, v.2 : 37019 2023-08-31 , -- Donación Secretaría de Investigaciones. FADU-UBA -- (1000 pesos )</marc:subfield>
 </marc:datafield>
 <marc:datafield tag="990"  ind1=" " ind2=" " >
  <marc:subfield code="a">Ej. Nº 2, v.3 : 37020 2023-08-31 , -- Donación Secretaría de Investigaciones. FADU-UBA -- (1000 pesos )</marc:subfield>
 </marc:datafield>
 <marc:datafield tag="998"  ind1=" " ind2="" >
  <marc:subfield code="a">AAQ</marc:subfield>
  <marc:subfield code="b">BIBUN76</marc:subfield>
 </marc:datafield>
</marc:record>