
<marc:record>
<marc:leader>01000ntm#a22002601a#4500</marc:leader>
<marc:controlfield tag="001">00034546</marc:controlfield>
<marc:controlfield tag="003">AR-BaUAD</marc:controlfield>
<marc:controlfield tag="005">20241205155039</marc:controlfield>
<marc:controlfield tag="008">210827s||||#######||||##m####000|0#spa#d</marc:controlfield>
 <marc:datafield tag="037"  ind1=" " ind2=" " >
  <marc:subfield code="a">00035794</marc:subfield>
 </marc:datafield>
 <marc:datafield tag="040"  ind1=" " ind2=" " >
  <marc:subfield code="a">AR-BaUAD</marc:subfield>
  <marc:subfield code="b">spa</marc:subfield>
  <marc:subfield code="c">AR-BaUAD</marc:subfield>
 </marc:datafield>
 <marc:datafield tag="041"  ind1=" " ind2=" " >
  <marc:subfield code="a">spa</marc:subfield>
 </marc:datafield>
 <marc:datafield tag="044"  ind1=" " ind2=" " >
  <marc:subfield code="a">ag</marc:subfield>
 </marc:datafield>
 <marc:datafield tag="046"  ind1=" " ind2=" " >
 </marc:datafield>
 <marc:datafield tag="080"  ind1=" " ind2=" " >
  <marc:subfield code="a">72.03</marc:subfield>
 </marc:datafield>
 <marc:datafield tag="100"  ind1="1" ind2="#" >
  <marc:subfield code="a">Zimmerman Johanna Natalí</marc:subfield>
 </marc:datafield>
 <marc:datafield tag="245"  ind1="1" ind2="0" >
  <marc:subfield code="a">La jaula del estilo</marc:subfield>
  <marc:subfield code="b">historiografía, arquitectura y clasificación</marc:subfield>
  <marc:subfield code="c">Johanna Natalí Zimmerman ; director Mario Sabugo</marc:subfield>
  <marc:subfield code="h"></marc:subfield>
 </marc:datafield>
 <marc:datafield tag="246"  ind1="3" ind2="1" >
  <marc:subfield code="a">The cage of styles : historiography, architecture and classification</marc:subfield>
 </marc:datafield>
 <marc:datafield tag="264"  ind1="#" ind2="0" >
  <marc:subfield code="c">2021</marc:subfield>
  <marc:subfield code="b"></marc:subfield>
  <marc:subfield code="a">Buenos Aires</marc:subfield>
 </marc:datafield>
 <marc:datafield tag="300"  ind1=" " ind2=" " >
  <marc:subfield code="a">301 p.</marc:subfield>
  <marc:subfield code="b">il. byn. y col., dib., fot.</marc:subfield>
 </marc:datafield>
 <marc:datafield tag="338"  ind1=" " ind2=" " >
  <marc:subfield code="a"></marc:subfield>
 </marc:datafield>
 <marc:datafield tag="500"  ind1=" " ind2=" " >
  <marc:subfield code="a">La Biblioteca posee copia de la autorización del autor.</marc:subfield>
 </marc:datafield>
 <marc:datafield tag="500"  ind1=" " ind2=" " >
  <marc:subfield code="a">Recurso publicado en formato impreso y digital. La biblioteca posee solamente la versión digital.</marc:subfield>
 </marc:datafield>
 <marc:datafield tag="500"  ind1=" " ind2=" " >
  <marc:subfield code="a">Descripción del registro bibliográfico realizado a partir de la versión digital.</marc:subfield>
 </marc:datafield>
 <marc:datafield tag="500"  ind1=" " ind2=" " >
  <marc:subfield code="a">Contenido: Primera parte. Estilo y clasificación: un estado de la cuestión. Capítulo 1. Los límites de la clasificación -- Capítulo 2. La historia del "estilo" -- Capítulo 3. Normas en las artes y estilos en la historiografía -- Segunda parte. Etiquetando la arquitectura: la construcción de un marco teórico. Capítulo 4. La indeterminación tendencial del arte. El lugar del arte dentro de los imaginarios y las formas simbólicas -- Capítulo 5. La imaginación histórica. Historia como conjunto de representaciones -- Capítulo 6. Las clasificaciones como herramienta de poder -- Tercera parte. Los estilos en la historiografía de la arquitectura del siglo XX en Argentina: evidencias de las tensiones y sus síntomas. Síntoma 1: el estilo como explicación -- Síntoma 2: el estilo como código -- Síntoma 3: el estilo y lo ahistórico -- Síntoma 4: el estilo y las indefiniciones -- Síntoma 5: el estilo y las divergencias -- Síntoma 6: el estilo y las imágenes.</marc:subfield>
 </marc:datafield>
 <marc:datafield tag="500"  ind1=" " ind2=" " >
  <marc:subfield code="a">Tabla de contenidos: p. 2-3.</marc:subfield>
 </marc:datafield>
 <marc:datafield tag="500"  ind1=" " ind2=" " >
  <marc:subfield code="a">Agradecimientos: p. 4-5.</marc:subfield>
 </marc:datafield>
 <marc:datafield tag="500"  ind1=" " ind2=" " >
  <marc:subfield code="a">Abreviaturas: p. 6.</marc:subfield>
 </marc:datafield>
 <marc:datafield tag="500"  ind1=" " ind2=" " >
  <marc:subfield code="a">Introducción: p. 7-27.</marc:subfield>
 </marc:datafield>
 <marc:datafield tag="500"  ind1=" " ind2=" " >
  <marc:subfield code="a">Conclusiones: p. 270-279.</marc:subfield>
 </marc:datafield>
 <marc:datafield tag="500"  ind1=" " ind2=" " >
  <marc:subfield code="a">Bibliografía: p. 280-301.</marc:subfield>
 </marc:datafield>
 <marc:datafield tag="500"  ind1=" " ind2=" " >
  <marc:subfield code="a">Notas y citas bibliográficas: a pie de página.</marc:subfield>
 </marc:datafield>
 <marc:datafield tag="502"  ind1="#" ind2="#" >
  <marc:subfield code="a">Tesis. (Doctorado)</marc:subfield>
  <marc:subfield code="b">Doctora de la Universidad de Buenos Aires</marc:subfield>
  <marc:subfield code="c">Universidad de Buenos Aires. Facultad de Arquitectura, Diseño y Urbanismo UBA. FADU</marc:subfield>
  <marc:subfield code="d">2021</marc:subfield>
  <marc:subfield code="g">Arquitectura</marc:subfield>
 </marc:datafield>
 <marc:datafield tag="653"  ind1=" " ind2="4 " >
  <marc:subfield code="a">TESIS</marc:subfield>
 </marc:datafield>
 <marc:datafield tag="653"  ind1=" " ind2="4 " >
  <marc:subfield code="a">INVESTIGACIÓN</marc:subfield>
 </marc:datafield>
 <marc:datafield tag="653"  ind1=" " ind2="4 " >
  <marc:subfield code="a">TEORÍA</marc:subfield>
 </marc:datafield>
 <marc:datafield tag="653"  ind1=" " ind2="4 " >
  <marc:subfield code="a">CRÍTICA</marc:subfield>
 </marc:datafield>
 <marc:datafield tag="653"  ind1=" " ind2="4 " >
  <marc:subfield code="a">ARQUITECTURA</marc:subfield>
 </marc:datafield>
 <marc:datafield tag="653"  ind1=" " ind2="4 " >
  <marc:subfield code="a">HISTORIOGRAFÍA</marc:subfield>
 </marc:datafield>
 <marc:datafield tag="653"  ind1=" " ind2="4 " >
  <marc:subfield code="a">ESTILOS ARQUITECTÓNICOS</marc:subfield>
 </marc:datafield>
 <marc:datafield tag="653"  ind1=" " ind2="4 " >
  <marc:subfield code="a">CLASIFICACIÓN</marc:subfield>
 </marc:datafield>
 <marc:datafield tag="653"  ind1=" " ind2="4 " >
  <marc:subfield code="a">METODOLOGÍAS</marc:subfield>
 </marc:datafield>
 <marc:datafield tag="653"  ind1=" " ind2="4 " >
  <marc:subfield code="a">FADU</marc:subfield>
 </marc:datafield>
 <marc:datafield tag="653"  ind1=" " ind2="4 " >
  <marc:subfield code="a">FACULTAD DE ARQUITECTURA, DISEÑO Y URBANISMO</marc:subfield>
 </marc:datafield>
 <marc:datafield tag="653"  ind1=" " ind2="4 " >
  <marc:subfield code="a">UBA</marc:subfield>
 </marc:datafield>
 <marc:datafield tag="653"  ind1=" " ind2="4 " >
  <marc:subfield code="a">UNIVERSIDAD DE BUENOS AIRES</marc:subfield>
 </marc:datafield>
 <marc:datafield tag="653"  ind1=" " ind2="4 " >
  <marc:subfield code="a">SIGLO XX</marc:subfield>
 </marc:datafield>
 <marc:datafield tag="653"  ind1=" " ind2="4 " >
  <marc:subfield code="a">BUENOS AIRES, CIUDAD</marc:subfield>
 </marc:datafield>
 <marc:datafield tag="653"  ind1=" " ind2="4 " >
  <marc:subfield code="a">ARGENTINA</marc:subfield>
 </marc:datafield>
 <marc:datafield tag="700"  ind1="1" ind2="#" >
  <marc:subfield code="a">Zimmerman, Johanna Natalí</marc:subfield>
 </marc:datafield>
 <marc:datafield tag="700"  ind1="1" ind2="#" >
  <marc:subfield code="c">dir.</marc:subfield>
  <marc:subfield code="a">Sabugo, Mario</marc:subfield>
 </marc:datafield>
 <marc:datafield tag="856"  ind1="4" ind2="#" >
  <marc:subfield code="u">http://repositoriouba.sisbi.uba.ar/gsdl/cgi-bin/library.cgi?a=d&amp;c=aaqtesis&amp;cl=CL1&amp;d=HWA_5429</marc:subfield>
 </marc:datafield>
 <marc:datafield tag="900"  ind1=" " ind2=" " >
  <marc:subfield code="a">Operador: NyG</marc:subfield>
 </marc:datafield>
 <marc:datafield tag="942"  ind1=" " ind2="" >
  <marc:subfield code="c">TES</marc:subfield>
 </marc:datafield>
 <marc:datafield tag="952"  ind1=" " ind2=" " >
  <marc:subfield code="a">AR-BAuAD</marc:subfield>
  <marc:subfield code="b">AR-BAuAD</marc:subfield>
  <marc:subfield code="d">2021-08-27</marc:subfield>
  <marc:subfield code="g">$300</marc:subfield>
  <marc:subfield code="t">Ej. Nº 1</marc:subfield>
  <marc:subfield code="i">35794</marc:subfield>
  <marc:subfield code="e">Donación Secretaría de Investigaciones. FADU-UBA</marc:subfield>
  <marc:subfield code="y">TES</marc:subfield>
  <marc:subfield code="p">TES00035794</marc:subfield>
 </marc:datafield>
 <marc:datafield tag="990"  ind1=" " ind2=" " >
  <marc:subfield code="a">AQ202</marc:subfield>
  <marc:subfield code="b">TD</marc:subfield>
 </marc:datafield>
 <marc:datafield tag="990"  ind1=" " ind2=" " >
  <marc:subfield code="a">Ej. Nº 1 : 35794 2021/08/27 , -- Donación Secretaría de Investigaciones. FADU-UBA -- (300 pesos )</marc:subfield>
 </marc:datafield>
 <marc:datafield tag="998"  ind1=" " ind2="" >
  <marc:subfield code="a">AAQ</marc:subfield>
  <marc:subfield code="b">BIBUN76</marc:subfield>
 </marc:datafield>
</marc:record>