
<marc:record>
<marc:leader>01000ntm#a22002601a#4500</marc:leader>
<marc:controlfield tag="001">00034683</marc:controlfield>
<marc:controlfield tag="003">AR-BaUAD</marc:controlfield>
<marc:controlfield tag="005">20241205155039</marc:controlfield>
<marc:controlfield tag="008">221024s||||#######||||##m####000|0#spa#d</marc:controlfield>
 <marc:datafield tag="037"  ind1=" " ind2=" " >
  <marc:subfield code="a">00035995</marc:subfield>
 </marc:datafield>
 <marc:datafield tag="040"  ind1=" " ind2=" " >
  <marc:subfield code="a">AR-BaUAD</marc:subfield>
  <marc:subfield code="b">spa</marc:subfield>
  <marc:subfield code="c">AR-BaUAD</marc:subfield>
 </marc:datafield>
 <marc:datafield tag="041"  ind1=" " ind2=" " >
  <marc:subfield code="a">spa</marc:subfield>
 </marc:datafield>
 <marc:datafield tag="044"  ind1=" " ind2=" " >
  <marc:subfield code="a">ag</marc:subfield>
 </marc:datafield>
 <marc:datafield tag="046"  ind1=" " ind2=" " >
 </marc:datafield>
 <marc:datafield tag="080"  ind1=" " ind2=" " >
  <marc:subfield code="a">63</marc:subfield>
 </marc:datafield>
 <marc:datafield tag="100"  ind1="1" ind2="#" >
  <marc:subfield code="a">Chierchie Laura</marc:subfield>
 </marc:datafield>
 <marc:datafield tag="245"  ind1="1" ind2="0" >
  <marc:subfield code="a">Procesos participativos y tecnologías abiertas en la agricultura familiar</marc:subfield>
  <marc:subfield code="b">el aporte del diseño industrial para fortalecer los procesos de innovación</marc:subfield>
  <marc:subfield code="c">autora Laura Chierchie ; directora María del Valle Ledesma ; co-director Sergio Hernán Justianovich</marc:subfield>
  <marc:subfield code="h"></marc:subfield>
 </marc:datafield>
 <marc:datafield tag="246"  ind1="3" ind2="1" >
  <marc:subfield code="a">Participatory processes and open technologies in family farming : the contribution of industrial design to strengthen innovation processes</marc:subfield>
 </marc:datafield>
 <marc:datafield tag="264"  ind1="#" ind2="0" >
  <marc:subfield code="c">2021</marc:subfield>
  <marc:subfield code="b"></marc:subfield>
  <marc:subfield code="a">Buenos Aires</marc:subfield>
 </marc:datafield>
 <marc:datafield tag="300"  ind1=" " ind2=" " >
  <marc:subfield code="a">222 p.</marc:subfield>
  <marc:subfield code="b">il., fot., gráf., tablas</marc:subfield>
 </marc:datafield>
 <marc:datafield tag="338"  ind1=" " ind2=" " >
  <marc:subfield code="a"></marc:subfield>
 </marc:datafield>
 <marc:datafield tag="500"  ind1=" " ind2=" " >
  <marc:subfield code="a">Recurso publicado en formato impreso y digital. La biblioteca posee solamente la versión digital.</marc:subfield>
 </marc:datafield>
 <marc:datafield tag="500"  ind1=" " ind2=" " >
  <marc:subfield code="a">Descripción del registro bibliográfico realizado a partir de la versión digital.</marc:subfield>
 </marc:datafield>
 <marc:datafield tag="500"  ind1=" " ind2=" " >
  <marc:subfield code="a">Contenido: Capítulo 1. Introducción -- Capítulo 2. Estado de la cuestión -- Capítulo 3. Marco teórico -- Capítulo 4. Las tecnologías abiertas para la agricultura familiar, un fenómeno global y local en crecimiento -- Capítulo 5. La apertura en producto: los artefactos como recursos abiertos -- Capítulo 6. La colaboración diversa como recurso esencial en las decisiones de diseño -- Capítulo 7. Desafíos, aprendizajes y conocimientos en los proyectos colaborativos con la agricultura familiar -- Capítulo 8. Discusión y conclusiones.</marc:subfield>
 </marc:datafield>
 <marc:datafield tag="500"  ind1=" " ind2=" " >
  <marc:subfield code="a">Agradecimientos: al comienzo de la obra.</marc:subfield>
 </marc:datafield>
 <marc:datafield tag="500"  ind1=" " ind2=" " >
  <marc:subfield code="a">Resumen: al comienzo de la obra.</marc:subfield>
 </marc:datafield>
 <marc:datafield tag="500"  ind1=" " ind2=" " >
  <marc:subfield code="a">Listado de abreviaturas: al comienzo de la obra.</marc:subfield>
 </marc:datafield>
 <marc:datafield tag="500"  ind1=" " ind2=" " >
  <marc:subfield code="a">Listado de figuras y tablas: al comienzo de la obra.</marc:subfield>
 </marc:datafield>
 <marc:datafield tag="500"  ind1=" " ind2=" " >
  <marc:subfield code="a">Índice: al comienzo de la obra.</marc:subfield>
 </marc:datafield>
 <marc:datafield tag="500"  ind1=" " ind2=" " >
  <marc:subfield code="a">Referencias: p. 207-222.</marc:subfield>
 </marc:datafield>
 <marc:datafield tag="502"  ind1="#" ind2="#" >
  <marc:subfield code="a">Tesis. (Doctorado)</marc:subfield>
  <marc:subfield code="b">Doctora de la Universidad de Buenos Aires</marc:subfield>
  <marc:subfield code="c">Universidad de Buenos Aires. Facultad de Arquitectura, Diseño y Urbanismo UBA. FADU</marc:subfield>
  <marc:subfield code="d">2022</marc:subfield>
  <marc:subfield code="g">[Diseño?]</marc:subfield>
 </marc:datafield>
 <marc:datafield tag="653"  ind1=" " ind2="4 " >
  <marc:subfield code="a">TESIS</marc:subfield>
 </marc:datafield>
 <marc:datafield tag="653"  ind1=" " ind2="4 " >
  <marc:subfield code="a">INVESTIGACION</marc:subfield>
 </marc:datafield>
 <marc:datafield tag="653"  ind1=" " ind2="4 " >
  <marc:subfield code="a">DISEÑO INDUSTRIAL</marc:subfield>
 </marc:datafield>
 <marc:datafield tag="653"  ind1=" " ind2="4 " >
  <marc:subfield code="a">AGRICULTURA</marc:subfield>
 </marc:datafield>
 <marc:datafield tag="653"  ind1=" " ind2="4 " >
  <marc:subfield code="a">DESARROLLO SUSTENTABLE</marc:subfield>
 </marc:datafield>
 <marc:datafield tag="653"  ind1=" " ind2="4 " >
  <marc:subfield code="a">INNOVACION</marc:subfield>
 </marc:datafield>
 <marc:datafield tag="653"  ind1=" " ind2="4 " >
  <marc:subfield code="a">TECNOLOGIA</marc:subfield>
 </marc:datafield>
 <marc:datafield tag="653"  ind1=" " ind2="4 " >
  <marc:subfield code="a">HUERTAS</marc:subfield>
 </marc:datafield>
 <marc:datafield tag="653"  ind1=" " ind2="4 " >
  <marc:subfield code="a">FADU</marc:subfield>
 </marc:datafield>
 <marc:datafield tag="653"  ind1=" " ind2="4 " >
  <marc:subfield code="a">FACULTAD DE ARQUITECTURA, DISEÑO Y URBANISMO</marc:subfield>
 </marc:datafield>
 <marc:datafield tag="653"  ind1=" " ind2="4 " >
  <marc:subfield code="a">UBA</marc:subfield>
 </marc:datafield>
 <marc:datafield tag="653"  ind1=" " ind2="4 " >
  <marc:subfield code="a">UNIVERSIDAD DE BUENOS AIRES</marc:subfield>
 </marc:datafield>
 <marc:datafield tag="653"  ind1=" " ind2="4 " >
  <marc:subfield code="a">2021</marc:subfield>
 </marc:datafield>
 <marc:datafield tag="653"  ind1=" " ind2="4 " >
  <marc:subfield code="a">BUENOS AIRES, CIUDAD</marc:subfield>
 </marc:datafield>
 <marc:datafield tag="653"  ind1=" " ind2="4 " >
  <marc:subfield code="a">ARGENTINA</marc:subfield>
 </marc:datafield>
 <marc:datafield tag="700"  ind1="1" ind2="#" >
  <marc:subfield code="a">Chierchie, Laura</marc:subfield>
 </marc:datafield>
 <marc:datafield tag="700"  ind1="1" ind2="#" >
  <marc:subfield code="c">dir.</marc:subfield>
  <marc:subfield code="a">Ledesma, María del Valle</marc:subfield>
 </marc:datafield>
 <marc:datafield tag="700"  ind1="1" ind2="#" >
  <marc:subfield code="c">codir.</marc:subfield>
  <marc:subfield code="a">Justianovich, Sergio Hernán</marc:subfield>
 </marc:datafield>
 <marc:datafield tag="856"  ind1="4" ind2="#" >
  <marc:subfield code="u">http://repositoriouba.sisbi.uba.ar/gsdl/cgi-bin/library.cgi?a=d&amp;c=aaqtesis&amp;cl=CL1&amp;d=HWA_6884</marc:subfield>
 </marc:datafield>
 <marc:datafield tag="900"  ind1=" " ind2=" " >
  <marc:subfield code="a">Operador: NDL</marc:subfield>
 </marc:datafield>
 <marc:datafield tag="942"  ind1=" " ind2="" >
  <marc:subfield code="c">TES</marc:subfield>
 </marc:datafield>
 <marc:datafield tag="952"  ind1=" " ind2=" " >
  <marc:subfield code="a">AR-BAuAD</marc:subfield>
  <marc:subfield code="b">AR-BAuAD</marc:subfield>
  <marc:subfield code="d">2022-10-24</marc:subfield>
  <marc:subfield code="g">$1000</marc:subfield>
  <marc:subfield code="t">Ej. Nº 1</marc:subfield>
  <marc:subfield code="i">35995</marc:subfield>
  <marc:subfield code="e">Donación Secretaría de Investigaciones. FADU-UBA</marc:subfield>
  <marc:subfield code="y">TES</marc:subfield>
  <marc:subfield code="p">TES00035995</marc:subfield>
 </marc:datafield>
 <marc:datafield tag="990"  ind1=" " ind2=" " >
  <marc:subfield code="a">DI202</marc:subfield>
  <marc:subfield code="b">TD</marc:subfield>
 </marc:datafield>
 <marc:datafield tag="990"  ind1=" " ind2=" " >
  <marc:subfield code="a">Ej. Nº 1 : 35995 2022-10-24 , -- Donación Secretaría de Investigaciones. FADU-UBA -- (1000 pesos )</marc:subfield>
 </marc:datafield>
 <marc:datafield tag="998"  ind1=" " ind2="" >
  <marc:subfield code="a">AAQ</marc:subfield>
  <marc:subfield code="b">BIBUN76</marc:subfield>
 </marc:datafield>
</marc:record>