
<marc:record>
<marc:leader>01000ntm#a22002601a#4500</marc:leader>
<marc:controlfield tag="001">00035440</marc:controlfield>
<marc:controlfield tag="003">AR-BaUAD</marc:controlfield>
<marc:controlfield tag="005">20241205155039</marc:controlfield>
<marc:controlfield tag="008">231017s||||#######||||##m####000|0#spa#d</marc:controlfield>
 <marc:datafield tag="037"  ind1=" " ind2=" " >
  <marc:subfield code="a">00037071</marc:subfield>
 </marc:datafield>
 <marc:datafield tag="040"  ind1=" " ind2=" " >
  <marc:subfield code="a">AR-BaUAD</marc:subfield>
  <marc:subfield code="b">spa</marc:subfield>
  <marc:subfield code="c">AR-BaUAD</marc:subfield>
 </marc:datafield>
 <marc:datafield tag="041"  ind1=" " ind2=" " >
  <marc:subfield code="a">spa</marc:subfield>
 </marc:datafield>
 <marc:datafield tag="044"  ind1=" " ind2=" " >
  <marc:subfield code="a">ag</marc:subfield>
 </marc:datafield>
 <marc:datafield tag="046"  ind1=" " ind2=" " >
 </marc:datafield>
 <marc:datafield tag="080"  ind1=" " ind2=" " >
  <marc:subfield code="a">331.101.1</marc:subfield>
 </marc:datafield>
 <marc:datafield tag="100"  ind1="1" ind2="#" >
  <marc:subfield code="a">Mariño Mario</marc:subfield>
 </marc:datafield>
 <marc:datafield tag="245"  ind1="1" ind2="0" >
  <marc:subfield code="a">Desarrollar desde el diseño industrial, un modelo teórico de interfase, el cual utilizando la informática como metodología instrumental, demuestre que a través de un efecto de rotación es posible disminuir la presión sobre ciertas zonas del cuerpo, y de esta forma contribuir a prevenir y reducir úlceras por decúbito en pacientes que deben permanecer postrados por largos períodos</marc:subfield>
  <marc:subfield code="b"></marc:subfield>
  <marc:subfield code="c"></marc:subfield>
  <marc:subfield code="h"></marc:subfield>
 </marc:datafield>
 <marc:datafield tag="246"  ind1="3" ind2="1" >
  <marc:subfield code="a"></marc:subfield>
 </marc:datafield>
 <marc:datafield tag="264"  ind1="#" ind2="0" >
  <marc:subfield code="c">1995</marc:subfield>
  <marc:subfield code="b"></marc:subfield>
  <marc:subfield code="a">Buenos Aires</marc:subfield>
 </marc:datafield>
 <marc:datafield tag="300"  ind1=" " ind2=" " >
  <marc:subfield code="a">2 v.</marc:subfield>
  <marc:subfield code="b">il., fot., gráf.</marc:subfield>
 </marc:datafield>
 <marc:datafield tag="338"  ind1=" " ind2=" " >
  <marc:subfield code="a"></marc:subfield>
 </marc:datafield>
 <marc:datafield tag="500"  ind1=" " ind2=" " >
  <marc:subfield code="a">Contenido: 1. Introducción -- 2. Tema de investigación y marco disciplinar sobre el cual versará la tesis -- 3. Antecedentes existentes sobre el tema -- 4. Naturaleza del aporte original proyectado -- 5. Nuestra hipótesis -- 6. Hipótesis auxiliar -- 7. Nuestras investigaciones precedentes -- 8. Desarrollo de nuestra hipótesis -- 9. Desarrollo de la hipótesis auxiliar.</marc:subfield>
 </marc:datafield>
 <marc:datafield tag="500"  ind1=" " ind2=" " >
  <marc:subfield code="a">Índice: al comienzo de la obra.</marc:subfield>
 </marc:datafield>
 <marc:datafield tag="500"  ind1=" " ind2=" " >
  <marc:subfield code="a">Bibliografía: al final de la obra.</marc:subfield>
 </marc:datafield>
 <marc:datafield tag="500"  ind1=" " ind2=" " >
  <marc:subfield code="a">Conclusiones: al final de la obra.</marc:subfield>
 </marc:datafield>
 <marc:datafield tag="500"  ind1=" " ind2=" " >
  <marc:subfield code="a">Citas bibliográficas: al margen.</marc:subfield>
 </marc:datafield>
 <marc:datafield tag="502"  ind1="#" ind2="#" >
  <marc:subfield code="a">Tesis. (Doctorado)</marc:subfield>
  <marc:subfield code="b">Doctor de la Universidad de Buenos Aires</marc:subfield>
  <marc:subfield code="c">Universidad de Buenos Aires. Facultad de Arquitectura, Diseño y Urbanismo UBA. FADU</marc:subfield>
  <marc:subfield code="d">1995</marc:subfield>
  <marc:subfield code="g">Diseño</marc:subfield>
 </marc:datafield>
 <marc:datafield tag="653"  ind1=" " ind2="4 " >
  <marc:subfield code="a">INVESTIGACION</marc:subfield>
 </marc:datafield>
 <marc:datafield tag="653"  ind1=" " ind2="4 " >
  <marc:subfield code="a">TESIS</marc:subfield>
 </marc:datafield>
 <marc:datafield tag="653"  ind1=" " ind2="4 " >
  <marc:subfield code="a">DISEÑO INDUSTRIAL</marc:subfield>
 </marc:datafield>
 <marc:datafield tag="653"  ind1=" " ind2="4 " >
  <marc:subfield code="a">EQUIPAMIENTO HOSPITALARIO</marc:subfield>
 </marc:datafield>
 <marc:datafield tag="653"  ind1=" " ind2="4 " >
  <marc:subfield code="a">CAMAS</marc:subfield>
 </marc:datafield>
 <marc:datafield tag="653"  ind1=" " ind2="4 " >
  <marc:subfield code="a">DISEÑO</marc:subfield>
 </marc:datafield>
 <marc:datafield tag="653"  ind1=" " ind2="4 " >
  <marc:subfield code="a">DESARROLLO</marc:subfield>
 </marc:datafield>
 <marc:datafield tag="653"  ind1=" " ind2="4 " >
  <marc:subfield code="a">PRODUCTO</marc:subfield>
 </marc:datafield>
 <marc:datafield tag="653"  ind1=" " ind2="4 " >
  <marc:subfield code="a">TECNOLOGIA</marc:subfield>
 </marc:datafield>
 <marc:datafield tag="653"  ind1=" " ind2="4 " >
  <marc:subfield code="a">INFORMATICA</marc:subfield>
 </marc:datafield>
 <marc:datafield tag="653"  ind1=" " ind2="4 " >
  <marc:subfield code="a">INTERFACES</marc:subfield>
 </marc:datafield>
 <marc:datafield tag="653"  ind1=" " ind2="4 " >
  <marc:subfield code="a">UBA</marc:subfield>
 </marc:datafield>
 <marc:datafield tag="653"  ind1=" " ind2="4 " >
  <marc:subfield code="a">UNIVERSIDAD DE BUENOS AIRES</marc:subfield>
 </marc:datafield>
 <marc:datafield tag="653"  ind1=" " ind2="4 " >
  <marc:subfield code="a">FADU</marc:subfield>
 </marc:datafield>
 <marc:datafield tag="653"  ind1=" " ind2="4 " >
  <marc:subfield code="a">FACULTAD DE ARQUITECTURA, DISEÑO Y URBANISMO</marc:subfield>
 </marc:datafield>
 <marc:datafield tag="653"  ind1=" " ind2="4 " >
  <marc:subfield code="a">1995</marc:subfield>
 </marc:datafield>
 <marc:datafield tag="653"  ind1=" " ind2="4 " >
  <marc:subfield code="a">ARGENTINA</marc:subfield>
 </marc:datafield>
 <marc:datafield tag="653"  ind1=" " ind2="4 " >
  <marc:subfield code="a">BUENOS AIRES, CIUDAD</marc:subfield>
 </marc:datafield>
 <marc:datafield tag="700"  ind1="1" ind2="#" >
  <marc:subfield code="a">Mariño, Mario</marc:subfield>
 </marc:datafield>
 <marc:datafield tag="700"  ind1="1" ind2="#" >
  <marc:subfield code="c">dir.</marc:subfield>
  <marc:subfield code="a">Gabus, Jean Claude</marc:subfield>
 </marc:datafield>
 <marc:datafield tag="700"  ind1="1" ind2="#" >
  <marc:subfield code="c">codir.</marc:subfield>
  <marc:subfield code="a">Leiguarda, Ramon</marc:subfield>
 </marc:datafield>
 <marc:datafield tag="852"  ind1="#" ind2="#" >
  <marc:subfield code="c">IyD</marc:subfield>
  <marc:subfield code="i">1, v.1 y v.2</marc:subfield>
 </marc:datafield>
 <marc:datafield tag="900"  ind1=" " ind2=" " >
  <marc:subfield code="a">Operador: NDL</marc:subfield>
 </marc:datafield>
 <marc:datafield tag="942"  ind1=" " ind2="" >
  <marc:subfield code="c">TES</marc:subfield>
 </marc:datafield>
 <marc:datafield tag="952"  ind1=" " ind2=" " >
  <marc:subfield code="a">AR-BAuAD</marc:subfield>
  <marc:subfield code="b">AR-BAuAD</marc:subfield>
  <marc:subfield code="d">2023-10-17</marc:subfield>
  <marc:subfield code="g">$1000</marc:subfield>
  <marc:subfield code="t">Ej. Nº 1, v.2</marc:subfield>
  <marc:subfield code="i">37072</marc:subfield>
  <marc:subfield code="e">Donación Secretaría de Investigaciones. FADU-UBA</marc:subfield>
  <marc:subfield code="y">TES</marc:subfield>
  <marc:subfield code="p">TES00037072</marc:subfield>
 </marc:datafield>
 <marc:datafield tag="990"  ind1=" " ind2=" " >
  <marc:subfield code="a">D199</marc:subfield>
  <marc:subfield code="b">TD</marc:subfield>
 </marc:datafield>
 <marc:datafield tag="990"  ind1=" " ind2=" " >
  <marc:subfield code="a">Ej. Nº 1, v.1 : 37071 2023-10-17 , -- Donación Secretaría de Investigaciones. FADU-UBA -- (1000 pesos )</marc:subfield>
 </marc:datafield>
 <marc:datafield tag="990"  ind1=" " ind2=" " >
  <marc:subfield code="a">Ej. Nº 1, v.2 : 37072 2023-10-17 , -- Donación Secretaría de Investigaciones. FADU-UBA -- (1000 pesos )</marc:subfield>
 </marc:datafield>
 <marc:datafield tag="998"  ind1=" " ind2="" >
  <marc:subfield code="a">AAQ</marc:subfield>
  <marc:subfield code="b">BIBUN76</marc:subfield>
 </marc:datafield>
</marc:record>